<?xml version="1.0" encoding="UTF-8"?><collection xmlns="http://www.loc.gov/MARC21/slim"><record><leader>00500nam--2200193-i-4500</leader><controlfield tag="001">000042337</controlfield><controlfield tag="002">20161230</controlfield><controlfield tag="005">20161230201043</controlfield><controlfield tag="008">060222s1000------------r-----000-0-FRE-d</controlfield><datafield ind1=" " ind2=" " tag="040"><subfield code="a">IFIN-HH</subfield></datafield><datafield ind1=" " ind2=" " tag="041"><subfield code="a">FRE</subfield></datafield><datafield ind1=" " ind2=" " tag="080"><subfield code="a">519.2:512.8</subfield></datafield><datafield ind1=" " ind2="1" tag="100"><subfield code="a">Souriau,J.M</subfield></datafield><datafield ind1="1" ind2="0" tag="245"><subfield code="a">Structure des systemes dynamiques. maitrises de mathematiques</subfield><subfield code="c">J.m. souriau</subfield></datafield><datafield ind1=" " ind2=" " tag="260"><subfield code="a">Paris, Dunod, 1970</subfield></datafield><datafield ind1=" " ind2=" " tag="300"><subfield code="a">XXXII + 414 P</subfield></datafield><datafield ind1=" " ind2=" " tag="490"><subfield code="a">Dunod Univ</subfield></datafield><datafield ind1=" " ind2=" " tag="852"><subfield code="a">35744</subfield><subfield code="c">519.2</subfield></datafield><datafield ind1=" " ind2=" " tag="CAT"><subfield code="a">Sys</subfield><subfield code="c">20100525</subfield><subfield code="h">144405</subfield></datafield></record></collection>